@INPROCEEDINGS{lallement14,
  author = {Rapha{\"e}l Lallement and Lavindra de Silva and Rachid Alami},
  title = {{HATP}: An {HTN} Planner for Robotics},
  booktitle = {2nd ICAPS Workshop on Planning and Robotics},
  pages = {20-27},
  year = {2014}
}

@article{DNau,
  author = {Dana Nau, Yue Cao, Amnon Lotem, Hector Munoz-Avila},
  title = {SHOP: Simple hierarchical ordered planner},
  booktitle = {Proceedings of the 16th international joint conference on Artificial intelligence-Volume 2},
  pages = {968-973},
  year = {1999}
}

@INPROCEEDINGS{milliez2015,
  author = {Milliez, Gr{\'e}goire and Lallement, Rapha{\"e}l and Fiore, Michelangelo and Alami, Rachid},
  title = {{Using Human Knowledge Awareness to Adapt Collaborative Plan Generation, Explanation and Monitoring}},
  booktitle = {International Conference on Human-Robot Interaction},
  year = {2015}
}

@INPROCEEDINGS{Iocchi_ICAPS16,
author = {L. Iocchi and L. Jeanpierre and M. T. L\'azaro and  A.-I. Mouaddib},
title = {A practical framework for robust decision-theoretic planning and execution for service robots},
booktitle = {International Conference on Automated Planning and Scheduling (ICAPS)},
address = {London, UK},
month = {June 12-17},
year = {2016},
pages = {486-494}
}

@article{ZiIo11PNP,
  author    = {Ziparo, V. A. and Iocchi, L. and  Lima, P. U. and
               Nardi, D. and Palamara, P. F.},
  title     = {Petri Net Plans - {A} framework for collaboration and coordination
               in multi-robot systems},
  journal   = {Autonomous Agents and Multi-Agent Systems},
  volume    = {23},
  number    = {3},
  pages     = {344--383},
  year      = {2011},
  url       = {http://dx.doi.org/10.1007/s10458-010-9146-1},
  doi       = {10.1007/s10458-010-9146-1}
}

@article{Murata,
  author    = {Murata, T.},
  title     = {Petri Nets: Properties, Analysis and Applications},
  journal   = {Proceedings of the IEEE},
  volume    = {77},
  number    = {4},
  pages     = {541-580},
  year      = {1989},
}

@article{guitton2012belief,
  title={Belief management for hri planning},
  author={Guitton, Julien and Warnier, Matthieu and Alami, Rachid},
  journal={BNC@ ECAI 2012},
  pages={27},
  year={2012}
}

@inproceedings{iocchi2016practical,
  title={A Practical Framework for Robust Decision-Theoretic Planning and Execution for Service Robots},
  author={Iocchi, Luca and Jeanpierre, Laurent and Lazaro, Maria Teresa and Mouaddib, Abdel-Illah},
  booktitle={Twenty-Sixth International Conference on Automated Planning and Scheduling},
  year={2016}
}

@inproceedings{fiore2016planning,
  title={On planning and task achievement modalities for human-robot collaboration},
  author={Fiore, Michelangelo and Clodic, Aur{\'e}lie and Alami, Rachid},
  booktitle={Experimental Robotics},
  pages={293--306},
  year={2016},
  organization={Springer International Publishing}
}

@inproceedings{de2015hatp,
  title={The HATP hierarchical planner: Formalisation and an initial study of its usability and practicality},
  author={de Silva, Lavindra and Lallement, Rapha{\"e}l and Alami, Rachid},
  booktitle={Intelligent Robots and Systems (IROS), 2015 IEEE/RSJ International Conference on},
  pages={6465--6472},
  year={2015},
  organization={IEEE}
}

@inproceedings{milliez2016using,
  title={Using human knowledge awareness to adapt collaborative plan generation, explanation and monitoring},
  author={Milliez, Gr{\'e}goire and Lallement, Rapha{\"e}l and Fiore, Michelangelo and Alami, Rachid},
  booktitle={The Eleventh ACM/IEEE International Conference on Human Robot Interation},
  pages={43--50},
  year={2016},
  organization={IEEE Press}
}

